2498 3293
1975 155 2062 214 ²9

126 221 521 314 jucunditatis
561 220 809 306 protulit
852 226 1313 293 incrementum.
1377 219 1610 287 Comen*
1647 220 1895 287 MARC
1918 219 2148 288 ELLI-

129 315 307 379 NUS
350 311 673 378 CORIUS
721 312 991 375 Patritins
1028 318 1346 398 egregius,
1391 312 1672 376 Concivis
1716 315 1942 396 aprime
1999 315 2146 376 dile·

131 401 266 466 filus
301 450 315 477 ,
371 400 628 486 Collega
666 398 879 463 -noster
939 400 1337 463 ornatiffirnus
1378 451 1393 475 ‚
1438 399 1778 465 Nobilitate
1819 447 1834 472 ‚
1884 399 2079 463 Patria
2123 445 2140 473 ‚

129 489 378 562 ordine,
422 510 661 560 amore,
707 485 1155 559 benevolentia,
1203 486 1482 572 quodque
1526 492 1718 575 majus
1750 486 1872 564 est,
1919 486 2141 553 benefi-

127 582 233 642 ciis
267 573 774 661 conjuncstiffimus
810 622 826 648 ,
885 573 1081 637 Roma
1119 622 1136 648 ‚
1185 575 1547 640 Mediolano
1579 624 1595 650 ‚
1640 597 1821 663 atque
1866 575 2138 641 universo

128 663 374 729 demum
401 661 570 726 Orbe
615 660 1053 735 exultantibuS‚
1099 658 1178 724 ad
1203 660 1593 728 Ecclefiastici
1632 662 1998 743 Principatus
2033 689 2144 728 nu-

133 753 240 837 per
278 749 517 818 evedlus
546 748 630 816 est
661 749 1059 836 dignitatem.
1110 750 1246 813 Hoc
1280 753 1448 823 iane,
1490 772 1609 835 quo
1639 750 1775 813 nihil
1818 753 2136 836 jucundiits

130 843 483 924 contingere
515 886 531 912 ‚
574 860 769 925 quove
808 839 946 904 nihil
988 837 1218 902 dulcins
1264 844 1514 924 experiri
1570 838 1606 899 a
1637 840 1801 902 nobis
1841 861 2080 925 poterat

130 925 285 990 illud
325 936 572 1013 inquam
608 925 1124 1009 auspicatiffirnum
1158 924 1245 991 est
1277 975 1295 1003 ,
1335 924 1496 1012 quod
1531 926 1824 989 hodiernae
1861 927 2143 1011 voluptae

129 1018 238 1088 tiS,
280 1012 345 1080 ὅτ
380 1012 590 1098 gaudii
620 1013 855 1078 causam
895 1035 1175 1095 operatur
1199 1060 1216 1088 ,
1257 1017 1470 1100 nosque
1502 1012 1615 1078 hirc
1647 1012 1817 1078 fimhl
1853 1021 1916 1079 in
1954 1037 2140 1079 unum

128 1100 380 1168 coatSlos
418 1100 686 1187 redegit,
731 1124 791 1164 ut
832 1125 955 1165 non
1000 1101 1126 1166 tam
1169 1101 1407 1186 publico
1444 1101 1868 1187 gratulationis
1902 1100 2093 1168 officio
2118 1153 2135 1181 ,

128 1193 381 1255 interiixs
420 1210 780 1270 conceptam
826 1189 1092 1252 laetitiam
1131 1187 1473 1255 testaremur
1523 1195 1775 1254 exteriits
1809 1240 1824 1265 ,
1870 1211 2143 1258 verum-⁴

128 1283 318 1342 etiam
349 1323 366 1351 ,
410 1296 478 1341 ut
523 1276 752 1358 ipsimet
800 1300 962 1340 novo
1010 1277 1253 1360 Principi
1288 1326 1304 1354 ,
1348 1284 1601 1361 antiqua
1633 1277 1896 1365 Collegit
1946 1278 2136 1344 nostri

130 1360 329 1429 studia
376 1362 821 1448 profiteremur.
872 1363 1087 1429 Tanto
1118 1373 1338 1429 etenim
1374 1366 1629 1436 Praesuli,
1675 1366 1753 1429 ob
1795 1369 1988 1450 nuper
2032 1367 2138 1431 ad·

130 1450 327 1515 ditum
366 1452 630 1534 Purpurae
663 1451 869 1525 decus,
908 1449 1127 1515 festivae
1165 1451 1484 1517 hilaritatis
1519 1449 1985 1536 significatione,
2012 1480 2137 1519 non

132 1558 376 1603 tantum
424 1540 717 1624 gratulari
752 1593 766 1621 ,
813 1539 906 1604 led
940 1547 1123 1602 etiam
1159 1541 1237 1603 ob
1276 1546 1586 1604 innumera
1625 1541 1703 1604 ab
1733 1540 1993 1628 ejusdem
2042 1543 2143 1608 bu·

133 1633 434 1690 manitate
484 1625 752 1692 derivata
813 1633 873 1690 in
926 1651 1035 1691 nos
1084 1625 1372 1693 hafflenhs
1424 1625 1713 1693 beneficia
1754 1679 1770 1704 ‚
1828 1627 2142 1719 singularis

132 1713 316 1778 nostri
352 1711 619 1800 veffligal
664 1713 953 1802 oblequii‚
997 1719 1161 1781 omni
1204 1716 1638 1803 propemodum
1673 1721 1840 1803 jure,
1886 1743 1996 1784 nos
2041 1717 2139 1783 de·

132 1824 226 1866 cet
273 1801 563 1865 exolvere.
617 1802 952 1892 Utrumque
997 1803 1304 1892 propterea
1336 1805 1804 1892 grattilationiS‚
1848 1806 1911 1872 δε
1955 1804 2139 1874 studii

132 1888 318 1956 nostri
372 1889 698 1970 proferatur
731 1889 1023 1967 officium,
1065 1916 1244 1979 atque
1280 1893 1529 1958 solemni
1584 1917 1846 1978 pompa.
1886 1892 1950 1960 δε
1989 1896 2144 1959 litte·

131 1984 293 2041 ratio
328 1999 666 2061 apparatu,
704 1983 764 2042 in
796 1979 905 2045 hoc
942 1977 1363 2045 florentissimae
1403 1980 1763 2047 Nobilitatis
1795 1980 2137 2070 frequentii-

130 2064 279 2130 fimo
310 2087 648 2138 conventu,
690 2072 903 2150 impari
938 2068 1180 2154 quidem
1230 2069 1572 2152 splendore,
1614 2070 1833 2136 sincero
1879 2093 2134 2136 tamen...

135 2158 470 2218 animorum
504 2152 777 2218 consensu
800 2177 1014 2243 ‚atque
1045 2159 1451 2231 exultatione,
1486 2161 1696 2244 quibus
1741 2158 2133 2223 MARCEL-

129 2240 347 2306 LINO
392 2238 666 2305 CORIO
709 2243 1098 2330 dijudicatum
1120 2244 1372 2310 Romani
1397 2245 1641 2311 Muricis
1675 2248 1956 2312 honorem
1992 2270 2133 2335 gra-

132 2330 399 2392 tulamur
431 2377 447 2402 ‚
493 2328 782 2394 vividiora
835 2334 1049 2397 laetitiae
1100 2333 1393 2416 prodeant
1437 2357 1824 2420 argumenta.
1893 2336 2127 2418 Quam·

130 2438 313 2502 quam
341 2416 720 2496 Amplissimo
754 2420 997 2504 Principi
1018 2468 1033 2495 ,
1074 2421 1236 2506 quod
1267 2426 1419 2488 inter
1451 2424 1660 2488 Sacros
1684 2420 2013 2507 Apostolici
2033 2425 2133 2488 Sc·

130 2524 305 2566 natus
338 2502 537 2566 Patres
583 2506 828 2571 tandem
870 2511 1090 2572 relatus
1124 2508 1333 2585 fuerit,
1370 2515 1797 2598 congaudeant
1837 2510 2137 2577 univerfi?

131 2589 261 2652 Nos
296 2591 468 2674 supra
503 2613 848 2668 commune,
876 2620 948 2660 ac
983 2596 1232 2680 vulgare
1264 2599 1556 2684 gaudium
1589 2601 1951 2684 affurgentes
1974 2651 1988 2674 ,
2012 2602 2135 2686 plc-

142 2684 294 2741 niori
333 2676 567 2754 laetitia,
601 2705 704 2745 nec
733 2707 851 2747 non
881 2687 1256 2772 jocunditate
1283 2685 1488 2770 perfusi
1510 2738 1524 2765 ,
1566 2694 1625 2752 in
1659 2690 1767 2752 hoc
1795 2686 1971 2770 plane
1989 2712 2133 2753 con·

133 2763 464 2853 gandemus
485 2818 500 2848 ,
544 2768 708 2854 quod
740 2795 867 2838 non
903 2775 1066 2839 sortis
1098 2793 1350 2848 eventu,
1394 2797 1502 2841 aut
1547 2774 1854 2843 hominum
1888 2776 2128 2859 favore,

1944 2865 2040 2926 sed

2130 889 2148 917 Q
