2498 3293
419 156 439 171 ι’
478 145 519 182 0

333 147 736 296 sed3ejusdem
769 208 991 269 eximiis
1026 200 1371 276 virtutibus,
1403 221 1584 289 atque
1618 204 1730 287 per'
1754 198 1944 288 ipsum
1981 200 2211 285 optime
2239 211 2355 289 ge·

334 296 436 362 stis
474 344 492 374 ‚
549 296 628 360 ad
677 293 1003 381 hujusmodi
1054 291 1368 377 fastigium
1420 289 1659 354 honoris
1706 289 1868 356 evehi
1907 299 2293 374 promeruerit
2339 337 2356 356 .

334 383 529 466 Qiod
573 383 815 469 quidem
871 380 954 445 ad
1007 387 1285 444 eximium
1330 376 1562 463 ipfimet
1629 376 2357 443 MARCELLINO

333 475 388 536 C
414 473 477 536 O
500 471 678 534 RIO
723 469 1269 535 commendationis
1290 518 1310 545 ,,
1337 468 1400 534 &
1444 468 1639 531 laudis
1680 488 2110 531 ornamentum
2133 515 2149 540 ‚
2189 469 2356 531 vobis

337 560 416 626 ad
463 562 677 624 laetitiae
712 557 1073 622 uberrimam
1110 555 1393 641 segetem,
1428 557 1562 619 mihi
1595 554 1676 619 ad
1715 553 2111 639 pleniffimum
2144 575 2355 640 gratu-

343 650 584 713 lationis
622 668 1054 731 argumentum
1088 692 1103 719 ,
1149 642 1423 709 univerfis
1458 648 1596 707 veto
1633 690 1650 718 ,
1690 649 1786 729 qui
1839 667 1933 706 me
1968 639 2353 709 circumstant

339 736 736 802 Auditoribus
770 734 848 798 ad
878 732 1361 820 jucundifflmum
1393 731 1813 796 admirationis
1845 728 2064 795 sensum
2087 780 2102 805 ,
2129 733 2359 796 colatu-

338 848 470 890 rum
526 822 654 888 fore
703 847 825 886 non
880 821 1125 904 despero
1152 868 1167 887 .
1234 818 1376 883 Tua
1432 825 1672 883 interim
1729 819 1956 883 Carole
2007 818 2357 905 Cajetauea

336 910 621 1001 majestas
654 960 667 985 ,
713 935 783 975 ac
830 912 1137 996 praesentia
1169 958 1185 985 ‚
1232 907 1741 995 quemadmodum
1780 907 2078 972 hodiernae
2122 930 2355 989 pompae

337 1001 582 1086 speciem
619 998 880 1085 adauget
905 1045 923 1073 ‚
970 995 1046 1062 fic
1071 1001 1256 1062 etiam
1294 996 1545 1063 dicentis
1578 994 1820 1069 foveat,
1857 1016 2038 1080 atque
2074 992 2372 1060 sustentet

336 1088 817 1157 imbecillitatem
858 1114 873 1150 ε
926 1084 1222 1171 vestraque
1258 1083 1499 1170 insignis
1537 1083 1876 1147 humanitas
1908 1082 2104 1148 Patres
2151 1083 2360 1147 Colle·

340 1204 433 1270 gae
465 1177 739 1241 Oratotis
776 1179 1164 1248 tenuitatem,
1195 1173 1256 1237 &
1290 1175 1572 1237 orationis
1606 1170 1842 1234 taedium
1883 1175 2181 1255 patienter
2212 1173 2362 1234 exci-

344 1274 498 1353 piat,
544 1269 663 1352 quo
699 1263 1079 1327 demandatae
1131 1266 1447 1343 provinciae
1472 1305 1485 1332 ,
1525 1279 1708 1346 atque
1748 1257 2075 1324 concrediti
2108 1256 2352 1329 honoris

349 1373 584 1444 partem,
623 1351 851 1434 plenius
890 1350 1131 1413 valeam
1159 1348 1523 1433 adimplere.
1565 1398 1569 1403 -

520 1438 708 1521 de
763 1436 1225 1502 Mediolanenlis
1254 1438 1463 1501 Patriae
1509 1432 1723 1499 nostrae
1757 1438 1975 1498 iterata
2010 1431 2350 1520 frequenter

343 1550 487 1596 vota
529 1576 546 1602 ,
592 1525 875 1613 quodque
929 1523 1342 1607 praeclariffimi
1385 1521 1552 1608 hujus
1589 1522 1853 1606 Collegii
1891 1517 2073 1597 nostri
2119 1519 2358 1585 studia„

345 1616 711 1704 potillimt'tm
751 1615 1017 1698 angebat
1056 1614 1199 1676 olim
1224 1658 1240 1683 ‚
1286 1608 1436 1674 illud
1473 1611 1608 1673 {ane
1639 1630 1761 1674 erat
1800 1609 2116 1671 Auditores
2153 1608 2363 1671 huma-

346 1705 555 1772 nislimi
596 1728 613 1764 ι
677 1701 979 1766 Comitem
1048 1697 1709 1763 MARCELLINUM
1775 1696 2187 1761 CORIUM
2234 1695 2365 1758 infi-

345 1816 531 1882 gnem
566 1840 583 1868 ,
644 1814 716 1855 ac
771 1788 1238 1874 probatiffimum
1281 1787 1486 1848 Virum
1525 1833 1542 1859 ,
1586 1785 1766 1848 decus
1800 1829 1817 1857 ,
1862 1780 2190 1867 praefidium
2237 1833 2253 1855 ,
2283 1783 2363 1849 ,δε

344 1884 543 1972 gloria
583 1885 779 1966 gentis
798 1875 1007 1941 nostrae
1029 1926 1043 1951 ‚
1080 1879 1400 1939 innumeris
1437 1870 1823 1962 perfundlum
1854 1869 2094 1957 jamdiu
2118 1896 2226 1955 pro
2248 1871 2367 1935 Ec-

345 1967 518 2036 clefid
575 1964 956 2030 laudabiliter
1018 1963 1353 2028 muneribus
1389 2010 1405 2035 ,
1470 1984 1648 2048 atque
1700 1957 2007 2023 laboribus
2045 2008 2062 2033 ‚
2109 1965 2363 2023 emerito

349 2057 616 2124 Romani
652 2054 891 2118 Muricis
928 2052 1149 2119 honore
1180 2048 1408 2117 diutiits
1447 2047 1731 2113 fraudari.
1792 2045 2071 2110 Eundem
2115 2052 2254 2111 vero
2283 2047 2365 2111 ad

347 2142 680 2234 hujusmodi
723 2141 971 2205 tandem
1010 2141 1324 2228 dignitatis
1373 2145 1599 2223 apicem
1634 2133 1881 2199 feliciter
1917 2133 2188 2197 eveAEium
2235 2133 2367 2199 fuis·

350 2235 442 2311 se,
482 2228 712 2299 tametsi
741 2238 1062 2293 maximam
1099 2229 1272 2294 nobis
1308 2228 1577 2293 attulerit
1600 2222 2079 2314 jucunditatem,
2114 2222 2372 2290 ullam...

352 2344 555 2389 tamen
589 2317 895 2393 excitalle‚
946 2344 1016 2382 ac
1057 2316 1226 2381 nobis
1258 2317 1723 2381 admirationem
1745 2311 2367 2376 contulilseientimus.

353 2411 543 2477 Enim
579 2412 743 2481 vero,
810 2432 942 2471 cum
978 2407 1074 2469 ille
1107 2406 1188 2470 ad
1220 2402 1638 2491 promerendos
1670 2401 1920 2466 honores
1943 2421 2119 2462 natus
2154 2420 2371 2482 prope·

357 2500 602 2565 modum
624 2545 640 2571 ‚
674 2518 855 2582 atque
880 2499 1163 2561 educatus
1189 2542 1204 2569 ‚
1249 2502 1309 2558 in
1344 2494 1586 2577 ipsomet
1619 2492 1946 2580 juventutis
1977 2486 2252 2557 exordio,
2284 2490 2371 2547 in·

358 2586 486 2652 dita
523 2586 782 2673 quadam
826 2585 905 2649 ad
937 2584 1199 2670 gloriam
1242 2583 1647 2664 proclivitate,
1689 2578 1751 2645 &
1789 2581 2065 2664 ingenito
2099 2570 2370 2659 quodam

361 2676 445 2741 ad
484 2681 762 2741 virtutem
803 2673 1050 2747 ardore,
1093 2673 1176 2736 nil
1218 2670 1320 2736 fibi
1362 2668 1716 2754 proposuerit
1761 2663 2154 2752 expetendum
2197 2710 2214 2736 ‚
2260 2657 2371 2723 nisi

361 2765 529 2854 quod
558 2761 698 2831 edet
733 2787 869 2833 cum
904 2760 1080 2831 laude
1115 2811 1134 2840 ‚
1176 2782 1286 2831 aut
1330 2760 1637 2850 dignitate
1681 2752 2114 2844 conjune'tum,
2158 2755 2374 2813 mirum

2114 2860 2287 2925 1³10?-
